<?xml version="1.0" encoding="UTF-8"?><collection xmlns="http://www.loc.gov/MARC21/slim"><record><leader>00486nam--2200169-i-4500</leader><controlfield tag="001">000044895</controlfield><controlfield tag="002">20161230</controlfield><controlfield tag="005">20161230201044</controlfield><controlfield tag="008">060222s1000------------r-----000-0-eng-d</controlfield><datafield ind1=" " ind2=" " tag="040"><subfield code="a">IFIN-HH</subfield></datafield><datafield ind1=" " ind2=" " tag="080"><subfield code="a">621.385.833</subfield></datafield><datafield ind1="1" ind2=" " tag="100"><subfield code="a">Thornton, P.R</subfield></datafield><datafield ind1="1" ind2="0" tag="245"><subfield code="a">Scanning electron microscopy</subfield><subfield code="b">Applications to materials and device science</subfield><subfield code="c">P.r. thornton</subfield></datafield><datafield ind1=" " ind2=" " tag="260"><subfield code="a">London</subfield><subfield code="b">Chapman And Hall Ltd</subfield><subfield code="c">1968</subfield></datafield><datafield ind1=" " ind2=" " tag="300"><subfield code="a">XV + 368P</subfield></datafield><datafield ind1=" " ind2=" " tag="852"><subfield code="a">30068</subfield><subfield code="c">537.533.35</subfield></datafield><datafield ind1=" " ind2=" " tag="CAT"><subfield code="a">Sys</subfield><subfield code="c">20110905</subfield><subfield code="h">110824</subfield></datafield></record></collection>